@TechReport{adl:2011,
  author = 	 {ADL},
  title = 	 {{SCORM Users Guide for Programmers}},
  institution =  {ADL, USA},
  version = {10},
  year = 	 {2011},
  note = 	 {\url{http://www.adlnet.gov/wp-content/uploads/2011/12/SCORM_Users_Guide_for_Programmers.pdf}},
}

@TechReport{adl:2009,
  author = 	 {ADL},
  title = 	 {{Sharable Content Object Reference Model (R) 2004 4th Edition Run-Time Environment Version 1.0}},
  institution =  {ADL, USA},
  version = {1.1},
  year = 	 {2009},
  note = 	 {\url{http://www.moschorus.com/centre/?b0c2e7}},
}

@book{baumgartner:2002,
title = {{E-Learning Praxishandbuch : Auswahl von Lernplattformen; Marktübersicht, Funktionen, Fachbegriffe}},
author = {Baumgartner, Peter and Häfele, Hartmut and Maier-Häfele, Kornelia},
address = {Innsbruck},
publisher = {StudienVerl.},
year = {2002},
isbn = {3-7065-1771-X}
}

@Misc{breitlauch:2013,
  author = 	 {Linda Breitlauch},
  title = 	 {{Linda Breitlauch über Serious Games -- Quo Vadis 2013}},
  howpublished = {\url{http://video.golem.de/games/10714/linda-breitlauch-ueber-serious-games-quo-vadis-2013.html}},
  year = 	 {2013},
  note = 	 {Video}
}

@Article{csikszentmihalyi:1993,
  author = 	 {Mihaly Csikszentmihalyi and Ulrich Schiefele},
  title = 	 {{Die Qualität des Erlebens und der Prozeß des Lernens}},
  journal = 	 {Zeitschrift für Pädagogik},
  year = 	 {1993}
}

@TechReport{dreyfus:1980,
  author = 	 {Stuard E. Dreyfus and Hubert L. Dreyfus},
  title = 	 {{A Five-Stage Model Of The Mental Activities Involved In Directed Skill Acquisition}},
  institution =  {University of California, Berkley},
  year = 	 {1980},
  note = 	 {\url{http://www.dtic.mil/cgi-bin/GetTRDoc?AD=ADA084551&Location=U2&doc=GetTRDoc.pdf}},
}

@Misc{edgeGuide:2013,
  author = 	 {EdgeGuides},
  title = 	 {{The Rails Command Line}},
  year = {2013},
  howpublished = {\url{http://edgeguides.rubyonrails.org/command_line.html#doc}},
  note = 	 {Abgerufen am 21.05.2013}
}

@MastersThesis{fiedling:2000,
  author = 	 {Roy Fiedling},
  title = 	 {{Architectural Styles and the Design of Network-based Software Architectures}},
  school = 	 {University of California},
  year = 	 {2000},
  type = 	 {Dissertation},
  address = 	 {Irvine},
  note = {\url{http://www.ics.uci.edu/~fielding/pubs/dissertation/fielding_dissertation.pdf}}
}

@Misc{fsf:2007,
  author = 	 {{Free Software Foundation}},
  title = 	 {{GNU AFFERO GENERAL PUBLIC LICENSE}},
  howpublished = {\url{http://www.gnu.org/licenses/agpl-3.0.de.html}},
  year = 	 {2007}
}

@Unpublished{grubenMerkeBabics:2012,
  author = 	 {Michael Gruben and Benjamin Merkle and Julian Babics},
  title = 	 {{Web Based Training and the Dreyfus-Model}},
  note = 	 {Präsentation},
  year = 	 {2012}
}

@Unpublished{gruben:2012,
  author = 	 {Michael Gruben},
  title = 	 {{Analyse und Vergleich von Autorensystemen für ein WBT zu Vorlesungsinhalten}},
  year = 	 {2012},
  address = {Karlsruhe, Pforzheim},
  note = {Studienarbeit}
}

@book{horton:2000,
title = {{Designing Web based training : how to teach anyone anything anywhere anytime}},
author = {Horton, William K.},
address = {New York},
publisher = {Wiley},
year = {2000},
isbn = {0-471-35614-X}
}

@book{jacobs:2010,
title = {{Kompaktwissen AEVO in vier Handlungsfeldern}},
author = {Peter Jacobs and Michael Preuße},
address = {Troisdorf},
publisher = {Bildungsverl. EINS - Stam},
year = {2010},
edition = {1. Aufl.},
isbn = {978-3-427-04935-7}
}

@book{keller:2000,
title = {{Maschinelle Intelligenz : Grundlagen, Lernverfahren, Bausteine intelligenter Systeme}},
series = {Computational intelligence},
author = {Keller, Hubert B.},
address = {Braunschweig},
publisher = {Vieweg},
year = {2000},
isbn = {3-528-05489-1}
}

@book{kreutzer:2011,
title = {Open Content Lizenzen : ein Leitfaden für die Praxis},
author = {Kreutzer, Till},
institution = {Deutsche Unesco-Kommission},
address = {Bonn},
publisher = {Deutsche Unesco-Kommission},
year = {2011},
isbn = {978-3-940785-32-9}
}

@mastersthesis{knall:2005,
author = {Thomas Knall},
title = {{Automatische Adaptierung von SCORM-basierenden Lerninhalten}},
school = {Technische Universität Graz,
Institut für Informationssysteme und Computer Medien (IICM)},
address = {A-8010 Graz},
year = {2005},
month = {September},
howpublished = {\url{http://www.iicm.edu/thesis/tknall.pdf}}
}

@book{kroeger:2004,
title = {{Blended Learning - Erfolgsfaktor Wissen}},
series = {Wissen und Bildung im Internet ; 6},
author = {Kröger, Helga and Reisky, Antares},
address = {Bielefeld},
publisher = {Bertelsmann},
year = {2004},
isbn = {3-7639-3141-4}
}

@Article{korte:2009,
  author = 	 {Martin Korte},
  title = 	 {{Wie das Lernen gelingt}},
  journal = 	 {Geo-Wissen},
  year = 	 {2009},
  volume = 	 {44},
  pages = 	 {28-31}
}

@book{koster:2005,
title = {{A theory of fun for game design}},
author = {Koster, Raph},
address = {Scottsdale, AZ},
publisher = {Paraglyph Press},
year = {c2005},
isbn = {1-932111-97-2; 978-1-932111-97-2}
}

@mastersthesis{mitter:2005,
author = {Michael Mitter},
title = {{Implementierung eines SCORM-basierenden Zugangs zu Web-basierendem Unterricht}},
school = {Technische Universität Graz,
Institut für Informationssysteme und Computer Medien (IICM)},
address = {A-8010 Graz},
year = {2005},
month = {September},
howpublished = {\url{http://www.iicm.edu/thesis/mmitter.pdf}}
}

@book{niegemann:2004,
title = {{Kompendium E-Learning}},
series = {X.media.press},
editor = {Niegemann, Helmut M.},
address = {Berlin},
publisher = {Springer},
year = {2004},
isbn = {3-540-43816-5}
}

@Manual{railsGuides:2013,
  title = 	 {{Getting Started with Rails}},
  author = 	 {RailsGuides},
  year = 	 {2013},
  note = {\url{http://guides.rubyonrails.org/getting_started.html#what-is-rails}},
  annote = {Abgerufen am 20.05.2013}
}

@Article{raymer:2011,
  author = 	 {Rick Raymer},
  title = 	 {{Gamification: Using Game Mechanics to Enhance eLearning}},
  journal = {eLearn Magazine},
  year = 	 {2011}
}

@TechReport{schleifer:2003,
  author = 	 {Hans-Jörg Schleifer},
  title = 	 {{e-Learning an der LVG -- Neue Formen des Unterrichts an der LVG Heidelberg}},
  institution =  {LVG Heidelberg},
  year = 	 {2003},
}

@book{spitzer:2012,
title = {{Digitale Demenz : wie wir uns und unsere Kinder um den Verstand bringen}},
author = {Spitzer, Manfred},
address = {München},
publisher = {Droemer},
year = {2012},
isbn = {978-3-426-27603-7; 3-426-27603-8}
}

@book{stampfl:2012,
title = {{Die verspielte Gesellschaft : Gamification oder Leben im Zeitalter des Computerspiels}},
series = {Telepolis},
author = {Stampfl, Nora S.},
address = {Hannover},
publisher = {Heise},
year = {2012},
edition = {1. Aufl.},
isbn = {978-3-936931-77-8}
}

@phdthesis{thome:1989,
title = {{Kriterien zur Bewertung von Lernsoftware : mit einer exemplarischen Beurteilung von Deutsch-Lernprogrammen}},
series = {Hochschultexte Informatik ; 12},
author = {Thomé, Dorothea},
school = {Universität Heidelberg},
address = {Heidelberg},
publisher = {Hüthig},
year = {1989},
isbn = {3-7785-1775-9}
}

@book{wendt:2003,
title = {{Praxisbuch CBT und WBT : konzipieren, entwickeln, gestalten}},
author = {Wendt, Matthias},
address = {München},
publisher = {Hanser},
year = {2003},
isbn = {3-446-22111-5}
}

@book{wintermeyer:2013,
title = {{Ruby on Rails 3.2 : für Ein-, Um- und Quereinsteiger}},
series = {Always learning},
author = {Wintermeyer, Stefan},
address = {München [u.a.]},
publisher = {Addison-Wesley},
year = {2013}
}